@article{ct_home,
    title        = "Compiler Techinques Home page",
    author       = "Bj√∂rn Franke",
    howpublished = "\url{http://www.inf.ed.ac.uk/teaching/courses/ct/}"
}
