\usepackage{hyperref}

@article{dbs_home,
    author  = "Peter Buneman",
    title   = "Database Systems Home page",
    url     = "http://homepages.inf.ed.ac.uk/opb/dbs/"
}
