@misc{sphere_graphic,
  Title         = "Sphere Graphic",
  Author        = "Wolfram|Alpha",
  Publisher     = "Wolfram Alpha LLC",
  note          = "[Online; accessed 26-April-2011",
  Year          = "2011",
  howpublished  = "\url{http://www.wolframalpha.com/input/?i=x^2%2By^2%2Bz^2%3D1}"
}
